<record><leader>00000cas a2200000 a 4500</leader><controlfield tag="001">10599914</controlfield><controlfield tag="008">840406d18661883iluwr ne      0   a0eng c</controlfield><datafield ind1=" " ind2=" " tag="010"><subfield code="a">sn 84024171 </subfield></datafield><datafield ind1=" " ind2=" " tag="040"><subfield code="a">NPV</subfield><subfield code="b">eng</subfield><subfield code="c">NPV</subfield><subfield code="d">NPX</subfield><subfield code="d">NPU</subfield><subfield code="d">NPV</subfield><subfield code="d">NYS</subfield><subfield code="d">NVF</subfield><subfield code="d">CVF</subfield><subfield code="d">NVF</subfield><subfield code="d">OCLCQ</subfield><subfield code="d">OCLCF</subfield><subfield code="d">NVF</subfield><subfield code="d">OCLCO</subfield></datafield><datafield ind1="1" ind2=" " tag="029"><subfield code="a">AU@</subfield><subfield code="b">000020333632</subfield></datafield><datafield ind1=" " ind2=" " tag="042"><subfield code="a">pcc</subfield></datafield><datafield ind1=" " ind2=" " tag="043"><subfield code="a">n-us-il</subfield></datafield><datafield ind1="0" ind2=" " tag="130"><subfield code="a">Freeport journal (Freeport, Ill. : 1866)</subfield></datafield><datafield ind1="1" ind2="0" tag="245"><subfield code="a">Freeport journal.</subfield></datafield><datafield ind1="1" ind2=" " tag="246"><subfield code="i">Published as:</subfield><subfield code="a">Freeport weekly journal</subfield><subfield code="f">Dec. 8, 1869-Mar. 22, 1871</subfield></datafield><datafield ind1="1" ind2="3" tag="246"><subfield code="a">Weekly Freeport journal</subfield></datafield><datafield ind1=" " ind2=" " tag="260"><subfield code="a">Freeport, Ill. :</subfield><subfield code="b">Smith D. Atkins,</subfield><subfield code="c">1866-1883.</subfield></datafield><datafield ind1=" " ind2=" " tag="300"><subfield code="a">v.</subfield></datafield><datafield ind1=" " ind2=" " tag="310"><subfield code="a">Weekly</subfield></datafield><datafield ind1="0" ind2=" " tag="362"><subfield code="a">New ser., v. 10, no. 44 (Feb. 21, 1866)-v. 28, no. 2 (Apr. 11, 1883).</subfield></datafield><datafield ind1=" " ind2=" " tag="500"><subfield code="a">"Weekly" appears above masthead ornament.</subfield></datafield><datafield ind1=" " ind2=" " tag="515"><subfield code="a">Issues for Feb. 21, 1866-Dec. 1, 1869 called also old ser. v. 18, no. 901-v. 20, no. 1049.</subfield></datafield><datafield ind1=" " ind2=" " tag="580"><subfield code="a">Daily eds.: Freeport daily journal (Freeport, Ill. : 1866), 1866-1867, and: Freeport daily journal (Freeport, Ill. : 1879), 1879, and: Freeport daily journal (Freeport, Ill. : 1880), 1880, and: Daily journal (Freeport, Ill. : 1882), &lt;1882&gt;</subfield></datafield><datafield ind1=" " ind2=" " tag="580"><subfield code="a">Merged with: Freeport Republican, to form: Freeport journal and Republican.</subfield></datafield><datafield ind1=" " ind2="0" tag="651"><subfield code="a">Freeport (Ill.)</subfield><subfield code="v">Newspapers.</subfield></datafield><datafield ind1=" " ind2="7" tag="651"><subfield code="a">Illinois</subfield><subfield code="z">Freeport.</subfield><subfield code="2">fast</subfield><subfield code="0">(OCoLC)fst01217738</subfield></datafield><datafield ind1=" " ind2="7" tag="655"><subfield code="a">Newspapers.</subfield><subfield code="2">fast</subfield><subfield code="0">(OCoLC)fst01423814</subfield></datafield><datafield ind1=" " ind2=" " tag="752"><subfield code="a">United States</subfield><subfield code="b">Illinois</subfield><subfield code="c">Stephenson</subfield><subfield code="d">Freeport.</subfield></datafield><datafield ind1="1" ind2=" " tag="775"><subfield code="t">Freeport daily journal (Freeport, Ill. : 1866)</subfield><subfield code="w">(DLC)sn 93056069</subfield><subfield code="w">(OCoLC)28919494</subfield></datafield><datafield ind1="1" ind2=" " tag="775"><subfield code="t">Freeport daily journal (Freeport, Ill. : 1879)</subfield><subfield code="w">(DLC)sn 84024110</subfield><subfield code="w">(OCoLC)10523055</subfield></datafield><datafield ind1="1" ind2=" " tag="775"><subfield code="t">Freeport daily journal (Freeport, Ill. : 1880)</subfield><subfield code="w">(DLC)sn 93056070</subfield><subfield code="w">(OCoLC)28919684</subfield></datafield><datafield ind1="1" ind2=" " tag="775"><subfield code="t">Daily journal (Freeport, Ill. : 1882)</subfield><subfield code="w">(DLC)sn 93056071</subfield><subfield code="w">(OCoLC)28919722</subfield></datafield><datafield ind1="0" ind2="0" tag="780"><subfield code="t">Freeport weekly journal</subfield><subfield code="w">(DLC)sn 84024163</subfield><subfield code="w">(OCoLC)10598208</subfield></datafield><datafield ind1="0" ind2="5" tag="780"><subfield code="t">North-West (Freeport, Ill. : 1865)</subfield><subfield code="w">(DLC)sn 84024462</subfield><subfield code="w">(OCoLC)11088186</subfield></datafield><datafield ind1="1" ind2="7" tag="785"><subfield code="t">Freeport Republican</subfield><subfield code="w">(DLC)sn 93056068</subfield><subfield code="w">(OCoLC)28919260</subfield></datafield><datafield ind1="1" ind2="7" tag="785"><subfield code="t">Freeport journal and Republican</subfield><subfield code="w">(DLC)sn 84024170</subfield><subfield code="w">(OCoLC)10598431</subfield></datafield></record>